@book{realwordhaskell,
  title={Real world haskell: Code you can believe in},
  author={O'Sullivan, Bryan and Goerzen, John and Stewart, Donald Bruce},
  year={2008},
  publisher={" O'Reilly Media, Inc."}
}

@article{jvm-spec8,
  title={The {J}ava {V}irtual {M}achine {S}pecification ({JVM})},
  author={Yellin, Frank and Lindholm, Tim},
  journal={Addison-W esley},
  year={2014}
}

@article{ghc-inliner,
  title={Secrets of the glasgow haskell compiler inliner},
  author={Jones, Simon Peyton and Marlow, Simon},
  journal={Journal of Functional Programming},
  volume={12},
  number={4-5},
  pages={393--434},
  year={2002},
  publisher={Cambridge University Press}
}

@book{haskell98-spec,
  title={Haskell 98 language and libraries: the revised report},
  author={Jones, Simon Peyton},
  year={2003},
  publisher={Cambridge University Press}
}

@online{typedcorelink,
  author = {Jones, Simon Peyton},
  title = {GHC Haskell Core},
  url = {https://ghc.haskell.org/trac/ghc/wiki/Commentary/Compiler/CoreSynType},
  urldate = {2016-10-17}
}

@online{cis194,
  author = {Pennsylvania, University of},
  title = {{CIS} 194},
  url = {http://cis.upenn.edu/~cis194/spring15/},
  urldate = {2016-10-17}
}

@online{codec-jvm-link,
  author = {Muttineni, Rahul},
  title = {Codec JVM Library},
  url = {https://github.com/rahulmutt/codec-jvm},
  date = {2016-10-17}
}
