%% This BibTeX bibliography file was created using BibDesk.
%% http://bibdesk.sourceforge.net/


%% Created for Joe Isaacs at 2017-03-04 12:31:57 +0000 


%% Saved with string encoding Unicode (UTF-8) 



@webpage{qualified-types,
	Date-Added = {2017-03-04 12:30:00 +0000},
	Date-Modified = {2017-03-04 12:30:48 +0000},
	Lastchecked = {04/03/2017},
	Month = {March},
	Url = {https://www.cs.ox.ac.uk/files/3432/PRG106.pdf},
	Year = {2017}}

@book{realworldhaskell,
	Author = {O'Sullivan, B. and Stewart, D. and Goerzen, J.},
	Place = {Sebastopol, CA},
	Publisher = {O'Reilly},
	Title = {Real world Haskell},
	Year = {2009}}

@techreport{jvm-spec8,
	Author = {Lindholm, T. and Yellin, F. and Bracha G. and Buckley A.},
	Institution = {Oracle},
	Month = {feb},
	Title = {The Java\textsuperscript{\textregistered} Virtual Machine Specification, Java SE 8 Edition},
	Year = {2015}}

@article{ghc-inliner,
	Author = {Jones, S. and Marlow, S.},
	Journal = {Journal of Functional Programming},
	Number = {4-5},
	Pages = {393--434},
	Publisher = {Cambridge University Press},
	Title = {Secrets of the Glasgow Haskell Compiler inliner},
	Volume = {12},
	Year = {2002}}

@book{haskell98-spec,
	Author = {Jones, S.},
	Publisher = {Cambridge University Press},
	Title = {Haskell 98 Language and Libraries: the revised report},
	Year = {2003}}

@online{typedcorelink,
	Author = {Jones, S.},
	Title = {GHC Haskell Core},
	Url = {https://ghc.haskell.org/trac/ghc/wiki/Commentary/Compiler/CoreSynType},
	Urldate = {2016-10-17},
	Bdsk-Url-1 = {https://ghc.haskell.org/trac/ghc/wiki/Commentary/Compiler/CoreSynType}}

@online{cis194,
	Author = {Pennsylvania, University of},
	Title = {CIS 194},
	Url = {http://cis.upenn.edu/~cis194/spring15/},
	Urldate = {2016-10-17},
	Bdsk-Url-1 = {http://cis.upenn.edu/~cis194/spring15/}}

@online{codec-jvm-link,
	Author = {Muttineni, R.},
	Title = {Codec JVM Library},
	Url = {https://github.com/rahulmutt/codec-jvm},
	Urldate = {2016-10-17},
	Bdsk-Url-1 = {https://github.com/rahulmutt/codec-jvm}}

@online{hunit-lib,
	Author = {Dean Herington},
	Title = {HUnit package},
	Url = {https://hackage.haskell.org/package/HUnit},
	Urldate = {2017-02-18},
	Bdsk-Url-1 = {https://hackage.haskell.org/package/HUnit}}

@online{haskell-flag-ref,
	Author = {The GHC Team},
	Title = {Flag reference},
	Url = {https://downloads.haskell.org/~ghc/7.8.2/docs/html/users_guide/flag-reference.html},
	Urldate = {2017-02-20},
	Bdsk-Url-1 = {https://downloads.haskell.org/~ghc/7.8.2/docs/html/users_guide/flag-reference.html}}

@online{ghc_ffi,
	Author = {The GHC Team},
	Title = {The GHC FFI},
	Url = {https://wiki.haskell.org/GHC/Using_the_FFI},
	Urldate = {2017-02-23},
	Bdsk-Url-1 = {https://wiki.haskell.org/GHC/Using_the_FFI}}

@online{alex-lib,
	Author = {Simon Marlow},
	Title = {Alex: A lexical analyser generator for Haskell},
	Url = {https://www.haskell.org/alex/},
	Urldate = {2017-02-24},
	Bdsk-Url-1 = {https://www.haskell.org/alex/}}

@online{thih-paper,
	Author = {P. Jones},
	Title = {Typing Haskell in Haskell},
	Url = {http://web.cecs.pdx.edu/~mpj/thih/thih.pdf},
	Urldate = {2017-02-26},
	Bdsk-Url-1 = {http://web.cecs.pdx.edu/~mpj/thih/thih.pdf}}

@online{happy-lib,
	Author = {Simon Marlow},
	Title = {Happy: The Parser Generator for Haskell},
	Url = {https://www.haskell.org/happy/},
	Urldate = {2017-02-24},
	Bdsk-Url-1 = {https://www.haskell.org/happy/}}

@online{yacc-lib,
	Author = {Simon Marlow},
	Title = {YACC UPDATE},
	Url = {https://www.haskell.org/happy/},
	Urldate = {2017-02-24},
	Bdsk-Url-1 = {https://www.haskell.org/happy/}}

@online{lex-lib,
	Author = {Simon Marlow},
	Title = {LEX UPDATE},
	Url = {https://www.haskell.org/happy/},
	Urldate = {2017-02-24},
	Bdsk-Url-1 = {https://www.haskell.org/happy/}}

@online{codec-contrib,
	Author = {Muttineni, R.},
	Title = {Github commit to Codec-JVM},
	Url = {https://github.com/rahulmutt/codec-jvm/commit/988c6cfa44d4a2fad1165e865ad98bafacf0d748},
	Urldate = {2017-03-09}}

@online{haskell-whnf,
	Author = {Haskell Team},
	Title = {Weak head normal form Haskell wiki},
	Url = {https://wiki.haskell.org/Weak_head_normal_form},
	Urldate = {2017-03-12}}
